@manual{sample,
  organization = {TU Dortmund, Fakultät Physik},
  title = {Versuch zum Literaturverzeichnis},
  year = 2023
}

@online{elastizitaetsmodul,
  author    = {{calculand-Autorenschaft}},
  title     = {calculand - Elastizitätsmodul (E), E-Modul},
  year      = {2024},
  url       = {https://www.calculand.com/einheiten-umrechnen/stoffe-liste.php?gruppe=Elastizit%C3%A4tsmodul+%28E%29%2C+E-Modul},
  urldate   = {2024-11-19},
  note      = {Abgerufen am 19. November 2024}
}

@online{phasendiagramm,
  author    = {Freie Universität Berlin-Autorenschaft},
  title     = {Physik: Phasendiagramm von Wasser},
  year      = {2024},
  url       = {https://shorturl.at/uYWIp},
  urldate   = {2024-11-19},
  note      = {Abgerufen am 19. November 2024}
}

@manual{kreisprozess,
  organization = {TU Dortmund},
  title = {Darstellung eines Kreisprozesses bei Verdampfung und Kondensation},
  year = 2024

}@manual{teil1,
  organization = {TU Dortmund},
  title = {Messapparatur für einen Druck $p$ \leq 1 bar},
  year = 2024
}

@manual{teil2,
  organization = {TU Dortmund},
  title = {Messapparatur für einen Druck $p$ \geq 1 bar},
  year = 2024
}

@online{verdampfungswaerme,
  author    = {Chemie.de-Autorenschaft},
  title     = {Wasser Stoffdaten},
  year      = {2024},
  url       = {https://www.chemie.de/lexikon/Wasser_(Stoffdaten).html},
  urldate   = {2024-11-25},
  note      = {Abgerufen am 25. November 2024}
}

@manual{peltier,
  organization = {TU Dortmund},
  title = {Aufbau zur Bestimmung der Leitfähigkeit},
  year = 2024
}